@Book{Bagnato2020,
  author    = {Bagnato, J. I.},
  title     = {Aprende Machine Learning Teoría + Práctica Python},
  editor    = {Lean Pub},
  year      = {2020},
}

@Book{SebastianRaschka2020,
  author    = {Sebastian Raschka, V. M.},
  title     = {Python Machine Learning},
  editor    = {Marcombo S.A.},
  year      = {2020},
}

@Comment{jabref-meta: databaseType:bibtex;}
